%BatteryReport.bib
@manual{datasheet,
    organization  = "Energizer",
    title         = "Energizer EN22 9V Battery Product Datasheet",
}

@manual{ADC0831,
    organization  = "Texas Instruments",
    title         = "ADC0831 8-Bit Serial I/O A/D Converters with Multiplexer Options Data Sheet",
    number        = "SNAS531B",
    year          =  1999,
    month         =  8,    
    note          = "Rev. March 2013"
}
